<?xml version="1.0" encoding="UTF-8"?><collection xmlns="http://www.loc.gov/MARC21/slim"><record><leader>00772nam--2200205-i-4500</leader><controlfield tag="001">000020477</controlfield><controlfield tag="002">20161230</controlfield><controlfield tag="005">20161230201033</controlfield><controlfield tag="008">060222s1000------------r-----000-0-eng-d</controlfield><datafield ind1=" " ind2=" " tag="020"><subfield code="a">1558990941</subfield></datafield><datafield ind1=" " ind2=" " tag="040"><subfield code="a">IFIN-HH</subfield></datafield><datafield ind1=" " ind2=" " tag="080"><subfield code="a">538.971(061.3)</subfield></datafield><datafield ind1="1" ind2=" " tag="100"><subfield code="a">Thompson, C.V</subfield></datafield><datafield ind1="1" ind2="0" tag="245"><subfield code="a">Evolution of thin-film and surface microstructure</subfield><subfield code="b">Volume 202 materials research society symposium proceedings. symposium held november 26-december 1, 1990, boston, massachusetts, usa</subfield><subfield code="c">C.v. thompson, j.y. tsao, d.j. srolovitz (eds.)</subfield></datafield><datafield ind1=" " ind2=" " tag="260"><subfield code="a">Pittsburgh, Pennsylvania</subfield><subfield code="b">Materials Research Society</subfield><subfield code="c">1990</subfield></datafield><datafield ind1=" " ind2=" " tag="300"><subfield code="a">731 P</subfield></datafield><datafield ind1=" " ind2=" " tag="490"><subfield code="a">Materials Research Society Symposium Proceedings</subfield></datafield><datafield ind1="1" ind2=" " tag="700"><subfield code="a">Srolovitz, D.J</subfield><subfield code="e">Ed</subfield></datafield><datafield ind1=" " ind2=" " tag="852"><subfield code="a">49226</subfield><subfield code="c">539</subfield></datafield><datafield ind1=" " ind2=" " tag="CAT"><subfield code="a">Sys</subfield><subfield code="c">20111012</subfield><subfield code="h">145947</subfield></datafield></record></collection>